@book{book:wille,
	author = {Wille, Klaus},
	title = {The physics of particle accelerators: An introduction},
	year = {2000},
	publisher = {Oxford University Press},
	pagetotal = {315},
}

@inbook{book:wang_2012,
	author = {Wang, Ruye},
	title = {Introduction to orthogonal transforms: with applications in data processing and analysis},
	chapter = {8}, 
	publisher = {Cambridge University Press},
	year = {2012},
	pagetotal = {504}
}

@misc{web:bessy_homepage,
	title = {Photon source {Bessy II}},
	url = {https://www.helmholtz-berlin.de/quellen/bessy/index_en.html},
	urldate = {2016-01-01}
}

@inproceedings{art:decker-1991,
    title={Operational aspects of experimental accelerator physics},
    author={Decker, Glenn A},
    booktitle={AIP Conf. Proc.},
    volume={249},
    pages={637},
    year={1992}
}

@inproceedings{art:plouviez-1999,
    title={Fast positional global feedback for storage rings},
    author={Plouviez, E},
    booktitle={Proc. DIPAC},
    year={1999},
    pages={7-11}
}

@inproceedings{art:plouviez-2005,
	title={Upgrade of the Global feedback of the {ESRF} Storage Ring},
	author={Plouviez, E and Uberto, F and Pons, J.L. and Koch, J.M.},
	booktitle={Proc. DIPAC},
	year={2005}
}

@inproceedings{art:li-2001,
	title={Closed Orbit correction of {HLS} storage ring},
	author={Li, J.Y and Diao, C and Li, W. and Liu, G. and Liu, Z.P. and Sun, B.G.}
	booktitle={Proc. PAC},
	year={2001},
	pages={1255-1258}
}

@inbook{lect:king-ident,
	title={{Struktur und Parameteridentifikation}},
	author={King}
	year={2015}
}


@article{art:vfit3-1,
	author={Gustavsen, B. and Semlyen, A.},
	title={Rational approximation of frequency domain responses by {Vector Fitting}},
	journal={IEEE Trans. Power Delivery},
	volume={14},
	number={3},
	pages={1052-1061},
	month={July},
	year={1999}
}

@article{art:vfit3-2,
	author={Gustavsen, B.}
	title={Improving the pole relocating properties of vector fitting},
	journal={IEEE Trans. Power Delivery},
	volume={21},
	number={3},
	pages={1587-1592},
	month={July},
	year={2006}.
}

@article{art:vfit3-3,
	author={D. Deschrijver and M. Mrozowski and T. Dhaene and D. De Zutter},
	title={Macromodeling of  Multiport Systems Using a Fast Implementation of the Vector Fitting Method},
	journal={IEEE Microwave and Wireless Components Letters},
	volume={18},
	number={6},
	pages={383-385},
	month={June},
	year={2008},
}

@misc{web:vfit3,
	title={The Vector Fitting Web Site},
	url={https://www.sintef.no/projectweb/vectfit/},
	urldate = {2016-01-01}
}
