@book{book:wille,
	author = {Wille, Klaus},
	title = {The physics of particle accelerators: An introduction},
	year = {2000},
	publisher = {Oxford, UK: University Press},
	pagetotal = {315},
}

@inbook{book:wang_2012,
	author = {Wang, Ruye},
	title = {Introduction to orthogonal transforms: with applications in data processing and analysis},
	chapter = {8}, 
	publisher = {Cambridge University Press},
	year = {2012}
	pagetotal = {504}